<record xmlns="http://www.loc.gov/MARC21/slim" xmlns:xsi="http://www.w3.org/2001/XMLSchema-instance" xsi:schemaLocation="http://www.loc.gov/MARC21/slim http://www.loc.gov/standards/marcxml/schema/MARC21slim.xsd"><leader>01100cz   2200205n  4500</leader><controlfield tag="001">oca03532495 </controlfield><controlfield tag="005">19960503150436.7</controlfield><controlfield tag="008">930422n| acannaab|          |a aaa     c</controlfield><datafield ind1=" " ind2=" " tag="010"><subfield code="a">nr 93015014 </subfield></datafield><datafield ind1=" " ind2=" " tag="040"><subfield code="a">NjP</subfield><subfield code="c">NjP</subfield><subfield code="d">DLC</subfield></datafield><datafield ind1="0" ind2=" " tag="100"><subfield code="a">Aurelian,</subfield><subfield code="c">Emperor of Rome,</subfield><subfield code="d">ca. 215-275</subfield></datafield><datafield ind1="1" ind2=" " tag="400"><subfield code="a">Aurelianus, Lucius Domitius,</subfield><subfield code="d">ca. 215-275</subfield></datafield><datafield ind1="0" ind2=" " tag="400"><subfield code="a">Aurelianus,</subfield><subfield code="c">Emperor of Rome,</subfield><subfield code="d">ca. 215-275</subfield></datafield><datafield ind1="0" ind2=" " tag="400"><subfield code="a">Aureliano,</subfield><subfield code="c">Emperor of Rome,</subfield><subfield code="d">ca. 215-275</subfield></datafield><datafield ind1="1" ind2=" " tag="400"><subfield code="a">Aureliano, Lucio Domizio,</subfield><subfield code="d">ca. 215-275</subfield></datafield><datafield ind1=" " ind2=" " tag="670"><subfield code="a">GoÌ&#x88;bl, R. Die MuÌ&#x88;nzpraÌ&#x88;gung des Kaisers Aurelianus (270/275), 1993.</subfield></datafield><datafield ind1=" " ind2=" " tag="670"><subfield code="a">Enc. Brit., 15th ed.</subfield><subfield code="b">(Aurelian; Lucius Domitius Aurelianus (b. c. 215-d. 275, near Byzantium [now Istanbul] Roman emperor 270-275)</subfield></datafield><datafield ind1=" " ind2=" " tag="670"><subfield code="a">Grant, M. The Roman emperors, 1985:</subfield><subfield code="b">p. 183-188 (Aurelian, 270-275, (Lucius Domitius Aurelianus); b. 214 in the eastern Danubian region of Lower Moesia; murdered 275)</subfield></datafield><datafield ind1=" " ind2=" " tag="670"><subfield code="a">Oxford class. dict., 1970</subfield><subfield code="b">(Aurelianus, Lucius Domitius, c. A.D. 215-275, from Dacia Ripensis; Aurelian)</subfield></datafield><datafield ind1=" " ind2=" " tag="670"><subfield code="a">Aureliano imperatore, 1992:</subfield><subfield code="b">cover p. 4 (Lucio Domizio Aureliano)</subfield></datafield></record>